@inproceedings{ erol94htn,
    author = "Kutluhan Erol and James Hendler and Dana S. Nau",
    title = "{HTN} Planning: Complexity and Expressivity",
    booktitle = "Proceedings of the Twelfth National Conference on Artificial Intelligence ({AAAI}-94)",
    volume = "2",
    publisher = "AAAI Press/MIT Press",
    address = "Seattle, Washington, USA",
    isbn = "0-262-51078-2",
    pages = "1123--1128",
    year = "1994",
    url = "citeseer.ist.psu.edu/24780.html" }

@article{ weld:recent,
    author = "Daniel S. Weld",
    title = "Recent Advances in {AI} Planning",
    journal = "AI Magazine",
    volume = "20",
    number = "2",
    pages = "93-123",
    year = "1999",
    url = "citeseer.ist.psu.edu/article/weld99recent.html" }

@book{puterman ,
author = "Martin L. Puterman" ,
title = "{Markov} Decision Processes: Discrete Stochastic Dynamic Programming" ,
publisher = "Wiley" ,
address = "New York" ,
year = "1994"}

@inproceedings{pham1,
author = "David Andre and Stuart Russell",
title = "Programmable Reinforcement Learning Agents",
booktitle = "In Advances in Neural Information Processing Systems",
volume = "13", 
year = "2001"}

@inproceedings{pham2,
author = "David Andre and Stuart Russell",
title = "State Abstraction for Programmable Reinforcement Learning Agents.",
booktitle = "In Proc. AAAI-02", 
address = "Edmonton, Alberta",
publisher = "AAAI Press",
year = "2002"}

@inproceedings{dtgolog2, 
author = "Mikhail Soutchanski", 
title = "An On-line Decision-Theoretic Golog Interpreter", 
booktitle = "IJCAI-2001", 
address = "Seattle, Washington",
year = "2001"}

@inproceedings{ OnMDPComplex,
author = "Michael L. Littman and Thomas L. Dean and Leslie Pack Kaelbling",
title = "On the Complexity of Solving Markov Decision Problems",
booktitle = "Proceedings of the Eleventh International Conference on Uncertainty in Artificial Intelligence",
year = "1995"}

@book{ndp ,
author = "Dmitri P. Bertsekas and John N. Tsitsiklis" ,
title = "Neuro-Dynamic Programming" ,
publisher = "Athena Scientific" ,
address = "Belmont, MA" ,
year = "1996"}

@book{clr:algorithms ,
author = "Thomas H. Cormen and Charles E. Lierson and Ronald L. Rivest",
title = "Introduction to Algorithms" ,
publisher = "MIT Press" ,
address = "Cambridge, MA" ,
year = "1990"}

@article{fn:strips  ,
author = "Richard E. Fikes and Nils J. Nilsson",
title = "{STRIPS}: A New Approach to the Application of Theorem Proving
     to Problem Solving",
journal = "AI Journal" ,
volume = "2" ,
pages = "189--208" ,
year = "1971"}

@article{ida, 
author = "Richard E. Korf" ,
title = "Depth-first iterative-deepening: an optimal admissible tree search",
journal = "Artificial Intelligence",
volume = "27(1)",
pages = "97--109",
year = "1985"}

@article{astar, 
author = "P. E. Hart and N. J. Nilsson and and B. Raphael",
title = "A formal basis for the heuristic determination of minimum cost paths.",
journal ="IEEE Transactions on Systems Science and Cybernetics",
volume = "SSC-4(2)",
pages = "100--107", 
year ="1968"}


@article{bryant:bdd86,
author = "Randal E. Bryant",
title = "Graph-Based Algorithms for Boolean Function Manipulation",
journal = "{IEEE} Transactions on Computers",
volume = "C-35",
number ="8",
pages = "677--691",
year = "1986"   }

@misc{ pddl,
  author = "D. McDermott and M. Ghallab and A. Howe and C. Knoblock and A. Ram and
    M. Veloso and D. Weld and D. Wilkins",
  title = "{PDDL}---{The} Planning Domain Definition Language",
  text = "Ghallab, M.; Howe, A.; Knoblock, C.; McDermott, D.; Ram, A.; Veloso, M.;
    Weld, D.; and Wilkins, D. 1998. PDDL---The Planning Domain Definition Language.
    AIPS-98 Planning Committee.",
  year = "1998",
  url = "citeseer.ist.psu.edu/ghallab98pddl.html" }

@misc{ pddl21,
author = "Fox, M. and Long, D.",
year = "2001",
title = "{PDDL2.1}: An Extension to {PDDL} for Expressing Temporal Planning Domains."}

@article{weld:popsurvey,
   author  = {D. S. Weld},
   title = {An Introduction to Least Commitment Planning},
   journal = {AI Magazine},
   volume = {Winter 1994},
   year = {1994},
   pages = {27--61}
}


@inproceedings{snlp  ,
author = "David McAllester and David Rosenblitt",
title = "Systematic Nonlinear Planning",
booktitle = "AAAI 91",
pages = "634--639",
address = "Anaheim",
year = "1991"   }

@inproceedings{ucpop,
    author = {J.~Scott Penberthy and Daniel S. Weld},
    title = {{UCPOP}: A sound, complete, partial order Planner for ADL},
    booktitle = "KR 92",
    address = "Cambridge, MA",
    pages = "103--114",
    year = {1992}
}


@inproceedings{graphplan:ijcai95  ,
author = "Avrim L. Blum and Merrick L. Furst",
title = "Fast Planning Through Graph Analysis",
booktitle = "IJCAI 95",
pages = "1636--1642",
address = "Montreal",
year = "1995"}

@article{ hsp,
    author = "Blai Bonet and Hector Geffner",
    title = "Heuristic Search Planner 2.0",
    journal = "The {AI} Magazine",
    volume = "22",
    number = "1",
    pages = "77--80",
    year = "2001",
    url = "citeseer.ist.psu.edu/bonet01heuristic.html" }



@misc{ ffplan,
  author = "J. Hoffmann and B. Nebel",
  title = "The FF planning system: Fast plan generation through heuristic search",
  booktitle = "The FF planning system: Fast plan generation through heuristic search. Journal of Artificial Intelligence Research, 2001.
    Accepted for Publication.",
  year = "2001",
  url = "citeseer.ist.psu.edu/article/hoffmann01ff.html" }



@InProceedings{hoff1,
  crossref = "ijcai01",
  author = {J{\"o}rg Hoffmann},
  title = {Local Search Topology in Planning Benchmarks: An Empirical Analysis},
  pages = {453-458}
}


@InProceedings{hoff2,
  author =       {J{\"o}rg Hoffmann},
  title =        {Local Search Topology in Planning Benchmarks: A Theoretical Analysis},
  crossref =     {aips02},
  note = {379-387}
}

@Proceedings{ijcai01,
  Key = "IJCAI-01",
  title =       "Proceedings of the 17th International Joint Conference on
                   Artificial Intelligence (IJCAI-01)",
  booktitle =   "Proceedings of the 17th International Joint Conference on
                   Artificial Intelligence (IJCAI-01)",
  year =        2001,
  OPTeditor =   "B. Nebel",
  address =     "Seattle, Washington, USA",
  month =       Aug
}

@Proceedings{aips02,
  Key = "AIPS-02",
  title =       "Proceedings of the 6th International Conference on
                   Artificial Intelligence Planning and Scheduling (AIPS-02)",
  booktitle =   "Proceedings of the 6th International Conference on
                   Artificial Intelligence Planning and Scheduling (AIPS-02)",
  year =        2002,
  OPTeditor =   "M. Ghallab and J. Hertzberg and P. Traverso",
  address =     "Toulouse, France",
  month =       Apr}


@techreport{mccarthy63, 
  title = "Situations, Actions and Causal Laws",
  year = 1963,
  author = "J. McCarthy",
  institution = "Stanford University",
  note = "Reprinted in Semantic Information Processing (M. Minsky  
      ed.), MIT Press, Cambridge, Mass., 1968, pages 410-417." }

@Article{thielscher,
  author =      "Michael Thielscher",
  title =       "From {S}ituation {C}alculus to {F}luent {C}alculus\/:
                State Update Axioms as a Solution to the Inferential
                Frame Problem",
  journal =     "AIJ",
  year =        1999,
  volume =      "111",
  number =      "1--2",
  pages =       "277--299"
}


@article{golog,
title = "{GOLOG:} A Logic Programming Language for Dynamic Domains",
author = "Hector J. Levesque and Ray Reiter and Yves Lesp\'{e}rance and 
    Fangzhen Lin and Richard Scherl",
year = 1997,
volume = 31,
pages = {59--83},
number = {1-3},
journal = "Journal of Logic Programming"}


@incollection{reiter:frame ,
author = "Raymond Reiter ",
title = "The Frame Problem in the Situation Calculus: A Simple
    Solution (Sometimes) and a Completeness Result for Goal Regression",
editor = "V. Lifschitz  ",
booktitle = "Artificial Intelligence and Mathematical Theory of
      Computation (Papers in Honor of {John McCarthy}) ",
pages = "359--380 ",
publisher = "Academic Press ",
address = "San Diego ",
year = "1991"}


@inproceedings{fomdp ,
author = "Craig Boutilier and Ray Reiter and Bob Price",
title = "Symbolic Dynamic Programming for First-order {MDPs}",
booktitle = "IJCAI 01",
pages = "690--697",
address = "Seattle",
year = "2001"}


@inproceedings{dtgolog  ,
author = "Craig Boutilier and Ray Reiter and Mikhail Soutchanski 
        and Sebastian Thrun",
title = " Decision-Theoretic, High-level Agent Programming in 
        the Situation Calculus",
booktitle = "AAAI 00",
pages = "355--362",
address = "Austin, TX",
year = "2000"}


@inproceedings{bhl  ,
author = "Fahiem Bacchus and Joseph Y. Halpern and Hector J. Levesque",
title = "Reasoning about Noisy Sensors in the Situation Calculus",
booktitle = "IJCAI 95",
pages = "1933--1940",
address = "Montreal",
year = "1995"}


@article{ boutilier99dt,
    author = "Craig Boutilier and Thomas Dean and Steve Hanks",
    title = "Decision-Theoretic Planning: Structural Assumptions and Computational Leverage",
    journal = "Journal of Artificial Intelligence Research",
    volume = "11",
    pages = "1-94",
    year = "1999",
    url = "citeseer.ist.psu.edu/boutilier99decision.html" }


@inproceedings{spudd  ,
author = "Jesse Hoey and Robert St-Aubin and Alan Hu and Craig Boutilier",
title = "{SPUDD}: Stochastic Planning using Decision Diagrams",
booktitle = "UAI 99",
address = "Stockholm",
pages = "279--288",
year = "1999"}


@inproceedings{apricodd  ,
author = "Robert St-Aubin and Jesse Hoey and Craig Boutilier",
title = "{APRICODD}: Approximate Policy Construction using Decision Diagrams",
booktitle = "Advances in Neural Information Processing Systems 13 (NIPS-2000)",
pages = "1089--1095",
address = "Denver",
year = "2000"}


@article{spi  ,
author = "Craig Boutilier and Richard Dearden and Mois\'{e}s Goldszmidt",
title = "Stochastic Dynamic Programming with Factored Representations",
journal = "Artificial Intelligence" ,
volume = "121",
pages = "49--107",
year = "2000"}


@inproceedings{csi,
author = "Craig Boutilier and Nir Friedman and Mois\'{e}s Goldszmidt
          and Daphne Koller",
title = "Context-Specific Independence in {Bayesian} Networks",
booktitle = "UAI 96",
address = "Portland, OR",
pages = "115--123",
year = "1996"}



@inproceedings{guestrin:nips01  ,
author = "Carlos Guestrin and Daphne Koller and Ronald Parr",
title = "Multiagent Planning with Factored {MDPs}",
booktitle = "Advances in Neural Information Processing Systems 14 (NIPS-2001)",
pages = "1523--1530",
address = "Vancouver",
year = "2001"}

@article{ pomdp,
author = "Leslie P. Kaelbling and Michael L. Littman and Anthony R. Cassandra",
title = "Planning and acting in partially observable stochastic domains",
journal = "Artificial Intelligence",
year = "1994"}

@article{ control,
author = "P.R. Kumar",
title = "A survey of some results in stochastic adaptive control.",
journal = "SIAM Journal of Control and Optimization",
pages = "329-380",
year = "1985"}

@book{ RL,
    author = "Andrew Barto and Richard Sutton",
    title = "Reinforcement Learning",
    publisher = "MIT Press",
    year = "1998"}

@article{ ICL,
    author = "David Poole",
    title = "The Independent Choice Logic for Modelling Multiple Agents Under Uncertainty",
    journal = "Artificial Intelligence",
    volume = "94",
    number = "1-2",
    pages = "7-56",
    year = "1997",
    url = "citeseer.ist.psu.edu/poole97independent.html" }

@inproceedings{freecraft  ,
author = "Carlos Guestrin and Daphne Koller and 
  Chris Gearhart and Neal Kanodia",
title = "Generalizing Plans to New Environments in Relational {MDPs}",
booktitle = "IJCAI 03",
address = "Acapulco",
year = "2003"}

@inproceedings{gkp , 
author = "Carlos Guestrin and Daphne Koller and Ronald Parr",
title = "Max-norm Projections for Factored {MDPs}",
booktitle = "IJCAI 01",
address = "Seattle",
pages = "673--680",
year = "2001"}


@article{gkpv,
author = "Carlos Guestrin and Daphne Koller and Ronald Parr and Shobha Venktaraman",
title = "Efficient Solution Methods for Factored {MDPs}",
journal = "JAIR",
year = "2002"}


@incollection{parr-russell:nips97  ,
author = "Ronald Parr and Stuart Russell",
title = "Reinforcement Learning with Hierarchies of Machines",
booktitle = "Advances in Neural Information Processing Systems 10",
editor = "M. Jordan, M. Kearns and S. Solla",
pages = "1043--1049",
publisher = "MIT Press",
address = "Cambridge",
year = "1998"}



@inproceedings{weakly  ,
author = "Nicolas Meuleau and Milos Hauskrecht and Kee-Eung Kim and
          Leonid Peshkin and Leslie Pack Kaelbling and Thomas Dean
          and Craig Boutilier",
title = "Solving Very Large Weakly Coupled {Markov} Decision Processes",
booktitle = "AAAI 98",
address = "Madison, WI",
pages= "165--172",
year = "1998"}

@inproceedings{HMKDB,
author = "Milos Hauskrecht and Nicolas Meuleau and Leslie Pack
          Kaelbling and Thomas Dean and Craig Boutilier",
title = "Hierarchical Solution of {Markov} Decision Processes using
         Macro-actions",
booktitle = "UAI 98",
address = "Madison, WI",
pages = "220--229",
year = "1998"}


@inproceedings{maxq,
author = {Thomas G. Dietterich},
title = {The {MAXQ} Method for Hierarchical Reinforcement Learning},
booktitle = "ML 98",
address = "Madison, WI",
pages = {118--126},
year = "1998"}


@techreport{ rtdp,
    author = "Andrew G. Barto and Steven J. Bradtke and Satinder P. Singh",
    title = "Learning to Act using Real-Time Dynamic Programming",
    number = "UM-CS-1993-002",
    month = ",",
    year = "1993",
    url = "citeseer.ist.psu.edu/article/barto95learning.html",
    institution = "U. Mass. Amherst" }


@article{smdp,
author = "Richard S. Sutton and Doina Precup and Satinder P. Singh",
title = "Between {MDPs} and {Semi-MDPs}: Learning, Planning, and Representing
   Knowledge at Multiple Temporal Scales",
journal = "Artificial Intelligence",
volume = "112",
pages = "181--211",
year = "1999"
}


@inproceedings{kp1  ,
author = "Daphne Koller and Ronald Parr",
title = "Computing Factored Value Functions for Policies in Structured {MDPs}",
booktitle = "IJCAI 99",
address = "Stockholm",
pages = "1332--1339",
year = "1999"}

@inproceedings{kp2  ,
author = "Daphne Koller and Ronald Parr",
title = "Policy Iteration for Factored {MDPs}",
booktitle = "UAI 2000",
address = "Stockholm",
pages = "1332--1339",
year = "1999"}


@inproceedings{relu  ,
author = "Dale Schuurmans and Relu Patrascu",
title = "Direct Value Approximation for Factored {MDPs}",
booktitle = "Advances in Neural Information Processing Systems 14 (NIPS-2001)",
note = "to appear",
address = "Vancouver",
year = "2001"}

@inproceedings{basis1  ,
author = "Pascal Poupart and Craig Boutilier and Relu Patrascu
          and Dale Schuurmans",
title = "Piecewise Linear Value Function Approximation for Factored {MDPs}",
booktitle = "AAAI 02",
pages = "292--299",
address = "Edmonton",
year = "2002"}

@inproceedings{basis2  ,
author = "Pascal Poupart and Relu Patrascu and Dale Schuurmans and 
         Craig Boutilier and Carlos Guestrin",
title = "Greedy Linear Value-approximation for Factored 
    {Markov} Decision Processes",
booktitle = "AAAI 02",
pages = "285--291",
address = "Edmonton",
year = "2002"}

@book{bellman ,
author = "Richard E. Bellman" ,
title = "Dynamic Programming",
publisher = "Princeton University Press",
address = "Princeton, NJ" ,
year = "1957"}

@phdthesis{hanks-phd ,
author = "Steven John Hanks",
title = "Projecting Plans for Uncertain Worlds",
school = "Yale University",
year = "1990"}


@inproceedings{bout-dean-hanks,
author = "Craig Boutilier and Thomas Dean and Steve Hanks",
title = "Planning Under Uncertainty:
              Structural Assumptions and Computational Leverage",
booktitle = "Proceedings of the Third European Workshop on Planning",
address = "Assisi, Italy",
year = "1995"}


@misc{ ppddl,
  author = "Hakan Younes and Michael Littman",
  title = "{PPDDL}: {T}he Probabilistic Planning Domain Definition Language",
  year = "2004",
  url = "http://www.cs.cmu.edu/~lorens/papers/ppddl.pdf" }

@inproceedings{complexact  ,
author = "Sheila McIlraith and Ron Fadel",
title = "Planning with Complex Actions",
booktitle = "Proceedings of the Ninth International Workshop on Non-Monotonic Reasoning (NMR2002)",
pages= "356-364",
year = "2002"}

@article{planexist,
author = "Michael L. Littman and Judy Goldsmith and Martin Mundhenk",
title = "The computational complexity of probabilistic planning",
journal = "Journal of Artificial Intelligence Research",
volume = "9", 
pages = "1--36", 
year = "1998"}

@inproceedings{ directva,
author = "Schuurmans, D. and Patrascu, R.",
year = "2001",
title = "Direct value-approximation for factored MDPs",
booktitle = "In Advances in Neural Information Processing 14 (NIPS*2001)"}

title = "The complexity of plan existence and evaluation in probabilistic domains",
booktitle = "Proceedings of the Thirteenth Annual Conference on Uncertainty in Artificial Intelligence (UAI--97)", 
pages = "182--189", 
year = "1997"}

@inproceedings{littman:aaai97  ,
author = "Michael L. Littman",
title = "Probabilistic propositional planning: Representations and complexity",
booktitle = "AAAI 97",
address = "Providence, RI",
pages= "748--754",
year = "1997"}


@inproceedings{givan:nips03,
author = "Alan Fern and SungWook Yoon and Robert Givan",
title = "Approximate Policy Iteration with a Policy Language Bias",
booktitle = "Advances in Neural Information Processing Systems 16 (NIPS-2003)",
address = "Vancouver",
year = "2003"}

@inproceedings{givan:uai02,
author = "SungWook Yoon and Alan Fern and Robert Givan",
title = "Inductive Policy Selection for First-Order Markov Decision Processes",
booktitle = "UAI 02",
address = "Edmonton",
year = "2002"}


@inproceedings{flexible,
author = "Ron Parr",
title = "Flexible Decomposition Algorithms for Weakly Coupled Markov Decision Problems",
year = "1998",
booktitle = "UAI 98"}






